@article{DBLP:journals/air/Schaerf99,
  author    = {Andrea Schaerf},
  title     = {A Survey of Automated Timetabling},
  journal   = {Artif. Intell. Rev.},
  volume    = {13},
  number    = {2},
  pages     = {87--127},
  year      = {1999},
  url       = {https://doi.org/10.1023/A:1006576209967},
  doi       = {10.1023/A:1006576209967},
  timestamp = {Mon, 05 Jun 2017 12:38:16 +0200},
  biburl    = {https://dblp.org/rec/journals/air/Schaerf99.bib},
  bibsource = {dblp computer science bibliography, https://dblp.org}
}

@inproceedings{DBLP:conf/cp/NethercoteSBBDT07,
  author    = {Nicholas Nethercote and
               Peter J. Stuckey and
               Ralph Becket and
               Sebastian Brand and
               Gregory J. Duck and
               Guido Tack},
  editor    = {Christian Bessiere},
  title     = {MiniZinc: Towards a Standard {CP} Modelling Language},
  booktitle = {Principles and Practice of Constraint Programming - {CP} 2007, 13th
               International Conference, {CP} 2007, Providence, RI, USA, September
               23-27, 2007, Proceedings},
  series    = {Lecture Notes in Computer Science},
  volume    = {4741},
  pages     = {529--543},
  publisher = {Springer},
  year      = {2007},
  url       = {https://doi.org/10.1007/978-3-540-74970-7\_38},
  doi       = {10.1007/978-3-540-74970-7\_38},
  timestamp = {Tue, 14 May 2019 10:00:45 +0200},
  biburl    = {https://dblp.org/rec/conf/cp/NethercoteSBBDT07.bib},
  bibsource = {dblp computer science bibliography, https://dblp.org}
}

@article{DBLP:journals/corr/GebserKKS14,
  author    = {Martin Gebser and
               Roland Kaminski and
               Benjamin Kaufmann and
               Torsten Schaub},
  title     = {Clingo = {ASP} + Control: Preliminary Report},
  journal   = {CoRR},
  volume    = {abs/1405.3694},
  year      = {2014},
  url       = {http://arxiv.org/abs/1405.3694},
  archivePrefix = {arXiv},
  eprint    = {1405.3694},
  timestamp = {Mon, 13 Aug 2018 16:45:58 +0200},
  biburl    = {https://dblp.org/rec/journals/corr/GebserKKS14.bib},
  bibsource = {dblp computer science bibliography, https://dblp.org}
}
